@article{abbasi2019predicting,
  title={Predicting severity and prognosis in {P}arkinson's disease from brain microstructure and connectivity},
  author={Abbasi, Nooshin and Fereshtehnejad, Seyed-Mohammad and Zeighami, Yashar and Larcher, Kevin Michel-Herve and Postuma, Ronald B and Dagher, Alain},
  journal={NeuroImage: Clinical},
  pages={102111},
  year={2019},
  publisher={Elsevier}
}

@article{ashburner1998identifying,
  title={Identifying global anatomical differences: {D}eformation-based morphometry},
  author={Ashburner, John and Hutton, Chloe and Frackowiak, Richard and Johnsrude, Ingrid and Price, Cathy and Friston, Karl},
  journal={Human Brain Mapping},
  volume={6},
  pages={348--357},
  year={1998},
}

@article{aubert2013new,
  title={A new method for structural volume analysis of longitudinal brain {M}{R}{I} data and its application in studying the growth trajectories of anatomical brain structures in childhood},
  author={Aubert-Broche, B{\'e}reng{\`e}re and Fonov, VS and Garc{\'\i}a-Lorenzo, Daniel and Mouiha, Abderazzak and Guizard, Nicolas and Coup{\'e}, Pierrick and Eskildsen, Simon F and Collins, D Louis},
  journal={NeuroImage},
  volume={82},
  pages={393--402},
  year={2013},
  publisher={Elsevier}
}

@article{avants2010optimal,
  title={The optimal template effect in hippocampus studies of diseased populations},
  author={Avants, Brian B and Yushkevich, Paul and Pluta, John and Minkoff, David and Korczykowski, Marc and Detre, John and Gee, James C},
  journal={NeuroImage},
  volume={49},
  number={3},
  pages={2457--2466},
  year={2010},
  publisher={Elsevier}
}

@article{barabasi2011natrevgenet,
  title={Network medicine: a network-based approach to human disease},
  author={Barab{\'a}si, Albert-L{\'a}szl{\'o} and Gulbahce, Natali and Loscalzo, Joseph},
  journal={Nature Reviews Genetics},
  volume={12},
  number={1},
  pages={56},
  year={2011},
  publisher={Nature Publishing Group}
}

@article{bassett2013robust,
  title={Robust detection of dynamic community structure in networks},
  author={Bassett, Danielle S and Porter, Mason A and Wymbs, Nicholas F and Grafton, Scott T and Carlson, Jean M and Mucha, Peter J},
  journal={Chaos: An Interdisciplinary Journal of Nonlinear Science},
  volume={23},
  number={1},
  pages={013142},
  year={2013},
  publisher={AIP}
}

@article{benjamini1995controlling,
  title={Controlling the false discovery rate: a practical and powerful approach to multiple testing},
  author={Benjamini, Yoav and Hochberg, Yosef},
  journal={Journal of the Royal Statistical Society: Series B (Methodological)},
  volume={57},
  number={1},
  pages={289--300},
  year={1995},
  publisher={Wiley Online Library}
}

@inproceedings{beyer1999nearest,
  title={When is “nearest neighbor” meaningful?},
  author={Beyer, Kevin and Goldstein, Jonathan and Ramakrishnan, Raghu and Shaft, Uri},
  booktitle={International Conference on Database Theory},
  pages={217--235},
  year={1999},
  organization={Springer}
}

@article{blondel2008fast,
  title={Fast unfolding of communities in large networks},
  author={Blondel, Vincent D and Guillaume, Jean-Loup and Lambiotte, Renaud and Lefebvre, Etienne},
  journal={Journal of Statistical Mechanics: Theory and Experiment},
  volume={2008},
  number={10},
  pages={P10008},
  year={2008},
  publisher={IOP Publishing}
}

@article{borghammer2010deformation,
  title={A deformation-based morphometry study of patients with early-stage {P}arkinson’s disease},
  author={Borghammer, Per and {\O}stergaard, Karen and Cumming, P and Gjedde, A and Rodell, A and Hall, N and Chakravarty, MM},
  journal={European Journal of Neurology},
  volume={17},
  number={2},
  pages={314--320},
  year={2010},
  publisher={Wiley Online Library}
}

@article{cammoun2012mapping,
  title={Mapping the human connectome at multiple scales with diffusion spectrum {MRI}},
  author={Cammoun, Leila and Gigandet, Xavier and Meskaldji, Djalel and Thiran, Jean Philippe and Sporns, Olaf and Do, Kim Q. and Maeder, Philippe and Meuli, Reto and Hagmann, Patric},
  journal={Journal of Neuroscience Methods},
  volume={203},
  number={2},
  pages={386--397},
  year={2012},
  doi={10.1016/j.jneumeth.2011.09.031},
}

@article{coifman2005geometric,
  title={Geometric diffusions as a tool for harmonic analysis and structure definition of data: {Diffusion} maps},
  author={Coifman, R. R. and Lafon, S. and Lee, A. B. and Maggioni, M. and Nadler, B. and Warner, F. and Zucker, S. W.},
  journal={Proceedings of the National Academy of Sciences},
  volume={102},
  number={21},
  year={2005},
  pages={7426--7431},
  doi={10.1073/pnas.0500334102},
}

@article{cohen1960coefficient,
  title={A coefficient of agreement for nominal scales},
  author={Cohen, Jacob},
  journal={Educational and Psychological Measurement},
  volume={20},
  pages={37--46},
  year={1960},
  doi={10.1177/001316446002000104},
}

@inproceedings{collins1999animal,
  title={A{N}{I}{M}{A}{L}+{I}{N}{S}{E}{C}{T}: improved cortical structure segmentation},
  author={Collins, D Louis and Zijdenbos, Alex P and Baar{\'e}, Wim FC and Evans, Alan C},
  booktitle={Biennial International Conference on Information Processing in Medical Imaging},
  pages={210--223},
  year={1999},
  organization={Springer}
}

@article{das2009registration,
  title={Registration based cortical thickness measurement},
  author={Das, Sandhitsu R. and Avants, Brian B. and Grossman, Murray and Gee, James C.},
  journal={NeuroImage},
  volume={45},
  number={3},
  pages={867--879},
  year={2009},
  doi={10.1016/j.neuroimage.2008.12.016},
}

@article{de2019prognosis,
  title={Prognosis and neuropathologic correlation of clinical subtypes of {P}arkinson disease},
  author={De Pablo-Fern{\'a}ndez, Eduardo and Lees, Andrew J and Holton, Janice L and Warner, Thomas T},
  journal={JAMA Neurology},
  volume={76},
  number={4},
  pages={470--479},
  year={2019},
  publisher={American Medical Association}
}

@article{desikan2006automated,
  title={An automated labeling system for subdividing the human cerebral cortex on {M}{R}{I} scans into gyral based regions of interest},
  author={Desikan, Rahul S and S{\'e}gonne, Florent and Fischl, Bruce and Quinn, Brian T and Dickerson, Bradford C and Blacker, Deborah and Buckner, Randy L and Dale, Anders M and Maguire, R Paul and Hyman, Bradley T and others},
  journal={NeuroImage},
  volume={31},
  number={3},
  pages={968--980},
  year={2006},
  publisher={Elsevier}
}

@article{erro2016parkinsonismrelatd,
  title={Clinical clusters and dopaminergic dysfunction in de-novo Parkinson disease},
  author={Erro, Roberto and Picillo, Marina and Vitale, Carmine and Palladino, Raffaele and Amboni, Marianna and Moccia, Marcello and Pellecchia, Maria Teresa and Barone, Paolo},
  journal={Parkinsonism and Related Disorders},
  volume={28},
  pages={137--140},
  year={2016},
  publisher={Elsevier}
}

@article{espay2017biomarker,
  title={Biomarker-driven phenotyping in {P}arkinson's disease: {A} translational missing link in disease-modifying clinical trials},
  author={Espay, Alberto J and Schwarzschild, Michael A and Tanner, Caroline M and Fernandez, Hubert H and Simon, David K and Leverenz, James B and Merola, Aristide and Chen-Plotkin, Alice and Brundin, Patrik and Kauffman, Marcelo A and others},
  journal={Movement Disorders},
  volume={32},
  number={3},
  pages={319--324},
  year={2017},
  publisher={Wiley Online Library}
}

@article{faghri2018predicting,
  title={Predicting onset, progression, and clinical subtypes of {P}arkinson disease using machine learning},
  author={Faghri, Faraz and Hashemi, Sayed Hadi and Leonard, Hampton and Scholz, Sonja W and Campbell, Roy H and Nalls, Mike A and Singleton, Andrew B},
  journal={bioRxiv},
  year={2018},
  doi={10.1101/338913},
}

@article{fearnley1991ageing,
  title={Ageing and {P}arkinson's disease: substantia nigra regional selectivity},
  author={Fearnley, Julian M and Lees, Andrew J},
  journal={Brain},
  volume={114},
  number={5},
  pages={2283--2301},
  year={1991},
  publisher={Oxford University Press}
}

@article{fereshtehnejad2017clinical,
  title={Clinical criteria for subtyping {P}arkinson’s disease: biomarkers and longitudinal progression},
  author={Fereshtehnejad, Seyed-Mohammad and Zeighami, Yashar and Dagher, Alain and Postuma, Ronald B},
  journal={Brain},
  volume={140},
  number={7},
  pages={1959--1976},
  year={2017},
  publisher={Oxford University Press}
}

@article{fonov2009unbiased,
  title={Unbiased nonlinear average age-appropriate brain templates from birth to adulthood},
  author={Fonov, Vladimir S and Evans, Alan C and McKinstry, Robert C and Almli, CR and Collins, DL},
  journal={NeuroImage},
  volume={47},
  pages={S102},
  year={2009}
}

@article{fonov2011unbiased,
  title={Unbiased average age-appropriate atlases for pediatric studies},
  author={Fonov, Vladimir and Evans, Alan C and Botteron, Kelly and Almli, C Robert and McKinstry, Robert C and Collins, D Louis and Brain Development Cooperative Group and others},
  journal={NeuroImage},
  volume={54},
  number={1},
  pages={313--327},
  year={2011},
  publisher={Elsevier}
}

@article{fortin2018harmonization,
  title={Harmonization of cortical thickness measurements across scanners and sites},
  author={Fortin, Jean-Philippe and Cullen, Nicholas and Sheline, Yvette I and Taylor, Warren D and Aselcioglu, Irem and Cook, Philip A and Adams, Phil and Cooper, Crystal and Fava, Maurizio and McGrath, Patrick J and others},
  journal={NeuroImage},
  volume={167},
  pages={104--120},
  year={2018},
  publisher={Elsevier}
}

@article{fujiwara2002natcellbiol,
  title={$\alpha$-Synuclein is phosphorylated in synucleinopathy lesions},
  author={Fujiwara, Hideo and Hasegawa, Masato and Dohmae, Naoshi and Kawashima, Akiko and Masliah, Eliezer and Goldberg, Matthew S and Shen, Jie and Takio, Koji and Iwatsubo, Takeshi},
  journal={Nature Cell Biology},
  volume={4},
  number={2},
  pages={160},
  year={2002},
  publisher={Nature Publishing Group}
}

@article{goetz2008movement,
  title={Movement {Disorder} {Society}-sponsored revision of the {Unified} {Parkinson}'s {Disease} {Rating} {Scale} ({MDS}-{UPDRS}): {Scale} presentation and clinimetric testing results},
  author={Goetz, Christopher G. and Tilley, Barbara C. and Shaftman, Stephanie R. and Stebbins, Glenn T. and Fahn, Stanley and Martinez-Martin, Pablo and Poewe, Werner and Sampaio, Cristina and Stern, Matthew B. and Dodel, Richard and Dubois, Bruno and Holloway, Robert and Jankovic, Joseph and Kulisevsky, Jaime and Lang, Anthony E. and Lees, Andrew and Leurgans, Sue and LeWitt, Peter A. and Nyenhuis, David and Olanow, C. Warren and Rascol, Olivier and Schrag, Anette and Teresi, Jeanne A. and Hilten, Jacobus J. van and LaPelle, Nancy},
  journal={Movement Disorders},
  volume={23},
  number={15},
  pages={2129--2170},
  year={2008},
  doi={10.1002/mds.22340},
}

@article{gorgolewski2015neurovault,
  title={Neuro{V}ault.org: a web-based repository for collecting and sharing unthresholded statistical maps of the human brain},
  author={Gorgolewski, Krzysztof J and Varoquaux, G{\"a}el and Rivera, Gabriel and Schwarz, Yannick and Ghosh, Satrajit S and Maumet, Camille and Sochat, Vanessa V and Nichols, Thomas E and Poldrack, Russell A and Poline, Jean-Baptiste and Yarkoni, Tal and Margulies, Daniel S},
  journal={Frontiers in Neuroinformatics},
  volume={9},
  pages={8},
  year={2015},
  publisher={Frontiers}
}

@article{gorgolewski2016brain,
  title={The {B}rain {I}maging {D}ata {S}tructure, a format for organizing and describing outputs of neuroimaging experiments},
  author={Gorgolewski, Krzysztof J and Auer, Tibor and Calhoun, Vince D and Craddock, R Cameron and Das, Samir and Duff, Eugene P and Flandin, Guillaume and Ghosh, Satrajit S and Glatard, Tristan and Halchenko, Yaroslav O and Handwerker, Daniel A and Hanke, Michael and Keator, David and Li, Xiangrui and Michael, Zachary and Maumet, Camille and Nichols, B Nolan and Nichols, Thomas E and Pellman, John and Poline, Jean-Baptiste and Rokem, Ariel and Schaefer, Gunnar and Sochat, Vanessa and Triplett, William and Turner, Jessica A and Varoquaux, G{\"a}el and Poldrack, Russell A},
  journal={Scientific Data},
  volume={3},
  pages={160044},
  year={2016},
  publisher={Nature Publishing Group}
}

@book{h5py,
    title={Python and {H}{D}{F}5: Unlocking Scientific Data},
    author={Collette, Andrew},
    publisher={O'Reilly},
    year={2013}
}

@book{iglewicz1993detect,
  title={How to detect and handle outliers},
  author={Iglewicz, Boris and Hoaglin, David Caster},
  volume={16},
  year={1993},
  publisher={ASQ Press}
}

@article{ipython,
  title={I{P}ython: {A} system for interactive scientific computing},
  author={P{\'e}rez, Fernando and Granger, Brian E},
  journal={Computing in Science \& Engineering},
  volume={9},
  number={3},
  pages={21--29},
  year={2007},
  publisher={IEEE}
}

@article{jacobs2020integration,
  title={Integration of Brain and Behavior Measures for Identification of Data-Driven Groups Cutting Across Children with ASD, ADHD, or OCD},
  author={Jacobs, Grace R and Voineskos, Aristotle N and Hawco, Colin and Stefanik, Laura and Forde, Natalie J and Dickie, Erin and Lai, Meng-Chuan and Szatmari, Peter and Schachar, Russell James and Crosbie, Jennifer and Arnold, Paul D and Goldenberg, Anna and Erdman, Lauren and Lerch, Jason P and Anagnostou, Evdokia  and Ameis Stephanie H},
  journal={bioRxiv},
  year={2020},
  publisher={Cold Spring Harbor Laboratory}
}

@article{jankovic2001functional,
      title={Functional decline in {P}arkinson disease},
  author={Jankovic, Joseph and Kapadia, Asha S},
  journal={Archives of Neurology},
  volume={58},
  number={10},
  pages={1611--1615},
  year={2001},
  publisher={American Medical Association}
}

@article{johnson2007adjusting,
  title={Adjusting batch effects in microarray expression data using empirical {B}ayes methods},
  author={Johnson, W Evan and Li, Cheng and Rabinovic, Ariel},
  journal={Biostatistics},
  volume={8},
  number={1},
  pages={118--127},
  year={2007},
  publisher={Oxford University Press}
}

@inproceedings{jupyter,
  title={Jupyter {N}otebooks--{A} publishing format for reproducible computational workflows},
  author={Kluyver, Thomas and Ragan-Kelley, Benjamin and P{\'e}rez, Fernando and Granger, Brian E and Bussonnier, Matthias and Frederic, Jonathan and Kelley, Kyle and Hamrick, Jessica B and Grout, Jason and Corlay, Sylvain and others},
  booktitle={Positioning and Power in Academic Publishing: Players, Agents and Agendas},
  editor={Loizides, Fernando and Scmidt, Birgit},
  publisher={IOS Press},
  pages={87--90},
  year={2016}
}

@article{kalia2015parkinson,
  title={Parkinson's disease},
  author={Lorraine V Kalia and Anthony E Lang},
  journal={The Lancet},
  volume={386},
  number={9996},
  pages={896--912},
  year={2015},
}

@article{kebets2019somatosensory,
  title={Somatosensory-motor dysconnectivity spans multiple transdiagnostic dimensions of psychopathology},
  author={Kebets, Valeria and Holmes, Avram J and Orban, Csaba and Tang, Siyi and Li, Jingwei and Sun, Nanbo and Kong, Ru and Poldrack, Russell A and Yeo, BT Thomas},
  journal={Biological Psychiatry},
  year={2019},
  publisher={Elsevier}
}

@article{kirk2012bioninformatics,
  title={Bayesian correlated clustering to integrate multiple datasets},
  author={Kirk, Paul and Griffin, Jim E and Savage, Richard S and Ghahramani, Zoubin and Wild, David L},
  journal={Bioinformatics},
  volume={28},
  number={24},
  pages={3290--3297},
  year={2012},
  publisher={Oxford University Press}
}

@article{klein2012101,
  title={101 labeled brain images and a consistent human cortical labeling protocol},
  author={Klein, Arno and Tourville, Jason},
  journal={Frontiers in Neuroscience},
  volume={6},
  pages={171},
  year={2012},
  publisher={Frontiers}
}

@article{lafon2006diffusion,
  title={Diffusion maps and coarse-graining: a unified framework for dimensionality reduction, graph partitioning, and data set parameterization},
  author={Lafon, S. and Lee, A. B.},
  journal={IEEE Transactions on Pattern Analysis and Machine Intelligence},
  volume={28},
  number={9},
  pages={1393--1403},
  year={2006},
  doi={10.1109/TPAMI.2006.184},
}

@article{lancichinetti2012consensus,
  title={Consensus clustering in complex networks},
  author={Lancichinetti, Andrea and Fortunato, Santo},
  journal={Scientific Reports},
  volume={2},
  pages={336},
  year={2012},
  publisher={Nature Publishing Group}
}

@inproceedings{langs2015predicting,
  title={Predicting activation across individuals with resting-state functional connectivity based multi-atlas label fusion},
  author={Langs, Georg and Golland, Polina and Ghosh, Satrajit S},
  booktitle={International Conference on Medical Image Computing and Computer-Assisted Intervention},
  pages={313--320},
  year={2015},
  organization={Springer}
}

@article{lawton2015jparkinsondis,
  title={Parkinson’s disease subtypes in the Oxford Parkinson Disease Centre (OPDC) discovery cohort},
  author={Lawton, Michael and Baig, Fahd and Rolinski, Michal and Ruffman, Claudio and Nithi, Kannan and May, Margaret T and Ben-Shlomo, Yoav and Hu, Michele},
  journal={Journal of Parkinson's Disease},
  volume={5},
  number={2},
  pages={269--279},
  year={2015},
  publisher={IOS Press}
}

@article{lawton2018jneurolneurosurgpsychiatry,
  title={Developing and validating Parkinson’s disease subtypes and their motor and cognitive progression},
  author={Lawton, Michael and Ben-Shlomo, Yoav and May, Margaret T and Baig, Fahd and Barber, Thomas R and Klein, Johannes C and Swallow, Diane MA and Malek, Naveed and Grosset, Katherine A and Bajaj, Nin and others},
  journal={Journal of Neurology, Neurosurgery, and Psychiatry},
  volume={89},
  number={12},
  pages={1279--1287},
  year={2018},
  publisher={BMJ Publishing Group Ltd}
}

@article{luk2012science,
  title={Pathological $\alpha$-synuclein transmission initiates Parkinson-like neurodegeneration in nontransgenic mice},
  author={Luk, Kelvin C and Kehm, Victoria and Carroll, Jenna and Zhang, Bin and O’Brien, Patrick and Trojanowski, John Q and Lee, Virginia M-Y},
  journal={Science},
  volume={338},
  number={6109},
  pages={949--953},
  year={2012},
  publisher={American Association for the Advancement of Science}
}

@article{maetzler2013movementdisord,
  title={Quantitative wearable sensors for objective assessment of Parkinson's disease},
  author={Maetzler, Walter and Domingos, Josefa and Srulijes, Karin and Ferreira, Joaquim J and Bloem, Bastiaan R},
  journal={Movement Disorders},
  volume={28},
  number={12},
  pages={1628--1637},
  year={2013},
  publisher={Wiley Online Library}
}

@article{marek2011progneurobiol,
  title={The {P}arkinson {P}rogression {M}arker {I}nitiative ({P}{P}{M}{I})},
  author={Marek, Kenneth and Jennings, Danna and Lasch, Shirley and Siderowf, Andrew and Tanner, Caroline and Simuni, Tanya and Coffey, Chris and Kieburtz, Karl and Flagg, Emily and Chowdhury, Sohini and others},
  journal={Progress in Neurobiology},
  volume={95},
  number={4},
  pages={629--635},
  year={2011},
  publisher={Elsevier}
}

@article{margulies2016situating,
  title={Situating the default-mode network along a principal gradient of macroscale cortical organization},
  author={Margulies, Daniel S and Ghosh, Satrajit S and Goulas, Alexandros and Falkiewicz, Marcel and Huntenburg, Julia M and Langs, Georg and Bezgin, Gleb and Eickhoff, Simon B and Castellanos, F Xavier and Petrides, Michael and others},
  journal={Proceedings of the National Academy of Sciences},
  volume={113},
  number={44},
  pages={12574--12579},
  year={2016},
  publisher={National Acad Sciences}
}

@article{marquand2016biolpsychiat,
  title={Understanding heterogeneity in clinical cohorts using normative models: beyond case-control studies},
  author={Marquand, Andre F and Rezek, Iead and Buitelaar, Jan and Beckmann, Christian F},
  journal={Biological Psychiatry},
  volume={80},
  number={7},
  pages={552--561},
  year={2016},
  publisher={Elsevier}
}

@article{matplotlib,
  title={Matplotlib: {A} 2{D} graphics environment},
  author={Hunter, J. D.},
  journal={Computing in Science \& Engineering},
  volume={9},
  number={3},
  pages={90--95},
  year={2007},
  publisher={IEEE Computer Society}
}

@article{misic2016curropinneurobiol,
  title={From regions to connections and networks: new bridges between brain and behavior},
  author={Mi{\v{s}}i{\'c}, Bratislav and Sporns, Olaf},
  journal={Current Opinion in Neurobiology},
  volume={40},
  pages={1--7},
  year={2016},
  publisher={Elsevier}
}

@article{monti2003machinelearning,
  title={Consensus clustering: a resampling-based method for class discovery and visualization of gene expression microarray data},
  author={Monti, Stefano and Tamayo, Pablo and Mesirov, Jill and Golub, Todd},
  journal={Machine Learning},
  volume={52},
  number={1-2},
  pages={91--118},
  year={2003},
  publisher={Springer}
}

@article{nalls2014large,
  title={Large-scale meta-analysis of genome-wide association data identifies six new risk loci for {P}arkinson's disease},
  author={Nalls, Mike A and Pankratz, Nathan and Lill, Christina M and Do, Chuong B and Hernandez, Dena G and Saad, Mohamad and DeStefano, Anita L and Kara, Eleanna and Bras, Jose and Sharma, Manu and others},
  journal={Nature Genetics},
  volume={46},
  number={9},
  pages={989},
  year={2014},
  publisher={Nature Publishing Group}
}


@article{nasreddine2005montreal,
  title={The {Montreal} {Cognitive} {Assessment}, {MoCA}: {A} {Brief} {Screening} {Tool} {For} {Mild} {Cognitive} {Impairment}},
  author={Nasreddine, Ziad S. and Phillips, Natalie A. and B\'{e}dirian, Valérie and Charbonneau, Simon and Whitehead, Victor and Collin, Isabelle and Cummings, Jeffrey L. and Chertkow, Howard},
  journal={Journal of the American Geriatrics Society},
  volume={53},
  number={4},
  pages={695--699},
  year={2005},
  doi={10.1111/j.1532-5415.2005.53221.x},
}

@article{newman2006modularity,
  title={Modularity and community structure in networks},
  author={Newman, Mark EJ},
  journal={Proceedings of the National Academy of Sciences},
  volume={103},
  number={23},
  pages={8577--8582},
  year={2006},
  publisher={National Acad Sciences}
}

@article{nibabel, 
title={nipy/nibabel}, 
  author={Brett, Matthew and Markiewicz, Christopher J. and Hanke, Michael and Côté, Marc-Alexandre and Cipollini, Ben and McCarthy, Paul and Cheng, Christopher P. and Halchenko, Yaroslav O. and Cottaar, Michiel and Ghosh, Satrajit and et al.},
  year={2019},
  journal={Zenodo},
  volume={doi:10.5281/zenodo.591597},
  publisher={Zenodo}
}

@article{nigro2005cancerres,
  title={Integrated array-comparative genomic hybridization and expression array profiles identify clinically relevant molecular subtypes of glioblastoma},
  author={Nigro, Janice M and Misra, Anjan and Zhang, Li and Smirnov, Ivan and Colman, Howard and Griffin, Chandi and Ozburn, Natalie and Chen, Mingang and Pan, Edward and Koul, Dimpy and others},
  journal={Cancer Research},
  volume={65},
  number={5},
  pages={1678--1686},
  year={2005},
  publisher={AACR}
}

@article{nilearn,
  title={Machine learning for neuroimaging with scikit-learn},
  author={Abraham, Alexandre and Pedregosa, Fabian and Eickenberg, Michael and Gervais, Philippe and Mueller, Andreas and Kossaifi, Jean and Gramfort, Alexandre and Thirion, Bertrand and Varoquaux, Ga{\"e}l},
  journal={Frontiers in Neuroinformatics},
  volume={8},
  pages={14},
  year={2014},
  publisher={Frontiers}
}

@inproceedings{numba,
  title={Numba: A llvm-based python jit compiler},
  author={Lam, Siu Kwan and Pitrou, Antoine and Seibert, Stanley},
  booktitle={Proceedings of the Second Workshop on the LLVM Compiler Infrastructure in HPC},
  pages={7},
  year={2015},
  organization={ACM}
}

@book{numpyv1,
  title={A guide to {N}um{P}y},
  author={Oliphant, Travis E},
  volume={1},
  year={2006},
  publisher={Trelgol Publishing USA}
}

@article{numpyv2,
  title={The {N}um{P}y array: a structure for efficient numerical computation},
  author={Van Der Walt, Stefan and Colbert, S Chris and Varoquaux, Gael},
  journal={Computing in Science \& Engineering},
  volume={13},
  number={2},
  pages={22},
  year={2011},
  publisher={IEEE Computer Society}
}

@inproceedings{pandas,
  title={Data structures for statistical computing in {P}ython},
  author={McKinney, Wes and others},
  booktitle={Proceedings of the 9th Python in Science Conference},
  volume={445},
  pages={51--56},
  year={2010},
  organization={Austin, TX}
}

@article{pauli2018high,
  title={A high-resolution probabilistic in vivo atlas of human subcortical brain nuclei},
  author={Pauli, Wolfgang M. and Nili, Amanda N. and Tyszka, J. Michael},
  journal={Scientific Data},
  volume={5},
  pages={180063},
  year={2018},
  doi={10.1038/sdata.2018.63},
}

@article{scipy,
  title={SciPy 1.0--Fundamental Algorithms for Scientific Computing in {P}ython},
  author={Virtanen, Pauli and Gommers, Ralf and Oliphant, Travis E and Haberland, Matt and Reddy, Tyler and Cournapeau, David and Burovski, Evgeni and Peterson, Pearu and Weckesser, Warren and Bright, Jonathan and others},
  journal={arXiv},
  year={2019}
}

@article{seaborn,
  title={mwaskom/seaborn},
  author={Michael Waskom and Olga Botvinnik and Drew O\'Kane and Paul Hobson and Joel Ostblom and Saulius Lukauskas and David C Gemperline and Tom Augspurger and Yaroslav Halchenko and John B. Cole and et al.},
  year={2018},
  journal={Zenodo},
  volume={doi:10.5281/zenodo.592845},
  publisher={Zenodo}
}

@article{sklearn,
  title={Scikit-learn: {M}achine learning in {P}ython},
  author={Pedregosa, Fabian and Varoquaux, Ga{\"e}l and Gramfort, Alexandre and Michel, Vincent and Thirion, Bertrand and Grisel, Olivier and Blondel, Mathieu and Prettenhofer, Peter and Weiss, Ron and Dubourg, Vincent and others},
  journal={Journal of Machine Learning Research},
  volume={12},
  number={Oct},
  pages={2825--2830},
  year={2011}
}

@article{postuma2015movementdisorders,
  title={MDS clinical diagnostic criteria for Parkinson's disease},
  author={Postuma, Ronald B and Berg, Daniela and Stern, Matthew and Poewe, Werner and Olanow, C Warren and Oertel, Wolfgang and Obeso, Jos{\'e} and Marek, Kenneth and Litvan, Irene and Lang, Anthony E and others},
  journal={Movement Disorders},
  volume={30},
  number={12},
  pages={1591--1601},
  year={2015},
  publisher={Wiley Online Library}
}

@article{rosen2018quantitative,
  title={Quantitative assessment of structural image quality},
  author={Rosen, Adon F.G. and Roalf, David R. and Ruparel, Kosha and Blake, Jason and Seelaus, Kevin and Villa, Lakshmi P. and Ciric, Rastko and Cook, Philip A. and Davatzikos, Christos and Elliott, Mark A. and Garcia de La Garza, Angel and Gennatas, Efstathios D. and Quarmley, Megan and Schmitt, J. Eric and Shinohara, Russell T. and Tisdall, M. Dylan and Craddock, R. Cameron and Gur, Raquel E. and Gur, Ruben C. and Satterthwaite, Theodore D.},
  journal={NeuroImage},
  volume={169},
  pages={407--418},
  year={2018},
  doi={10.1016/j.neuroimage.2017.12.059},
}

@article{rosenthal2016ninds,
  title={The {N}{I}{N}{D}{S} {P}arkinson's {D}isease {B}iomarkers {P}rogram},
  author={Rosenthal, Liana S and Drake, Daniel and Alcalay, Roy N and Babcock, Debra and Bowman, F DuBois and Chen-Plotkin, Alice and Dawson, Ted M and Dewey Jr, Richard B and German, Dwight C and Huang, Xuemei and others},
  journal={Movement Disorders},
  volume={31},
  number={6},
  pages={915--923},
  year={2016},
  publisher={Wiley Online Library}
}

@article{rousseeuw1987silhouettes,
  title={Silhouettes: a graphical aid to the interpretation and validation of cluster analysis},
  author={Rousseeuw, Peter J},
  journal={Journal of Computational and Applied Mathematics},
  volume={20},
  pages={53--65},
  year={1987},
  publisher={Elsevier}
}

@article{rubinov2010complex,
  title={Complex network measures of brain connectivity: uses and interpretations},
  author={Rubinov, Mikail and Sporns, Olaf},
  journal={Neuroimage},
  volume={52},
  number={3},
  pages={1059--1069},
  year={2010},
  publisher={Elsevier}
}

@article{sandor2019biorxiv,
  title={Universal continuous severity traits underlying hundreds of Parkinson's disease clinical features},
  author={Sandor, Cynthia and Millin, Stephanie and Dahl, Andrew and Lawton, Michael and Hubbard, Leon and Bojovic, Bobby and Peyret-Guzzon, Marine and Matten, Hannah and Blancher, Christine and Williams, Nigel and others},
  journal={bioRxiv},
  pages={655217},
  year={2019},
  publisher={Cold Spring Harbor Laboratory}
}

@inproceedings{statsmodels,
  title={Statsmodels: {E}conometric and statistical modeling with python},
  author={Seabold, Skipper and Perktold, Josef},
  booktitle={9th Python in Science Conference},
  year={2010},
}

@article{seeley2009neurodegenerative,
  title={Neurodegenerative diseases target large-scale human brain networks},
  author={Seeley, William W and Crawford, Richard K and Zhou, Juan and Miller, Bruce L and Greicius, Michael D},
  journal={Neuron},
  volume={62},
  number={1},
  pages={42--52},
  year={2009},
  publisher={Elsevier}
}

@article{shi2000normalized,
  title={Normalized cuts and image segmentation},
  author={Shi, Jianbo and Malik, Jitendra},
  journal={IEEE Transactions on Pattern Analysis and Machine Intelligence},
  volume={22},
  number=8,
  pages={888--905},
  year={2000}
}

@article{simuni2016stable,
  title={How stable are {P}arkinson's disease subtypes in de novo patients: analysis of the {P}{P}{M}{I} cohort?},
  author={Simuni, Tanya and Caspell-Garcia, Chelsea and Coffey, Christopher and Lasch, Shirley and Tanner, Caroline and Marek, Ken and PPMI Investigators and others},
  journal={Parkinsonism \& Related Disorders},
  volume={28},
  pages={62--67},
  year={2016},
  publisher={Elsevier}
}

@article{stebbins2013identify,
  title={How to identify tremor dominant and postural instability/gait difficulty groups with the movement disorder society unified {P}arkinson's disease rating scale: comparison with the unified {P}arkinson's disease rating scale},
  author={Stebbins, Glenn T and Goetz, Christopher G and Burn, David J and Jankovic, Joseph and Khoo, Tien K and Tilley, Barbara C},
  journal={Movement Disorders},
  volume={28},
  number={5},
  pages={668--670},
  year={2013},
  publisher={Wiley Online Library}
}

@article{stefanik2018brain,
  title={Brain-Behavior Participant Similarity Networks Among Youth and Emerging Adults with Schizophrenia Spectrum, Autism Spectrum, or Bipolar Disorder and Matched Controls},
  author={Stefanik, Laura and Erdman, Lauren and Ameis, Stephanie H and Foussias, George and Mulsant, Benoit H and Behdinan, Tina and Goldenberg, Anna and O'Donnell, Lauren J and Voineskos, Aristotle N},
  journal={Neuropsychopharmacology},
  volume={43},
  number={5},
  pages={1180},
  year={2018},
  publisher={Nature Publishing Group}
}

@article{strehl2002cluster,
  title={Cluster ensembles---a knowledge reuse framework for combining multiple partitions},
  author={Strehl, Alexander and Ghosh, Joydeep},
  journal={Journal of Machine Learning Research},
  volume={3},
  number={Dec},
  pages={583--617},
  year={2002}
}

@article{tang2019reconciling,
  title={Reconciling dimensional and categorical models of autism heterogeneity: a brain connectomics \& behavioral study},
  author={Tang, Siyi and Sun, Nanbo and Floris, Dorothea L and Zhang, Xiuming and Di Martino, Adriana and Yeo, BT Thomas},
  journal={BioRxiv},
  pages={692772},
  year={2019},
  publisher={Cold Spring Harbor Laboratory}
}

@article{thenganatt2014jamaneurol,
  title={Parkinson disease subtypes},
  author={Thenganatt, Mary Ann and Jankovic, Joseph},
  journal={JAMA Neurol},
  volume={71},
  number={4},
  pages={499--504},
  year={2014},
  publisher={American Medical Association}
}

@article{traud2011comparing,
  title={Comparing community structure to characteristics in online collegiate social networks},
  author={Traud, Amanda L and Kelsic, Eric D and Mucha, Peter J and Porter, Mason A},
  journal={SIAM Review},
  volume={53},
  number={3},
  pages={526--543},
  year={2011},
  publisher={SIAM}
}

@article{tustison2010n4itk,
  title={N4{I}{T}{K}: improved {N}3 bias correction},
  author={Tustison, Nicholas J and Avants, Brian B and Cook, Philip A and Zheng, Yuanjie and Egan, Alexander and Yushkevich, Paul A and Gee, James C},
  journal={IEEE Transactions on Medical Imaging},
  volume={29},
  number={6},
  pages={1310--1320},
  year={2010},
  publisher={IEEE}
}

@article{tustison2014large,
  title={Large-scale evaluation of {A}{N}{T}s and {F}ree{S}urfer cortical thickness measurements},
  author={Tustison, Nicholas J and Cook, Philip A and Klein, Arno and Song, Gang and Das, Sandhitsu R and Duda, Jeffrey T and Kandel, Benjamin M and van Strien, Niels and Stone, James R and Gee, James C and others},
  journal={NeuroImage},
  volume={99},
  pages={166--179},
  year={2014},
  publisher={Elsevier}
}

@article{tustison2018ants,
  title={The {A}{N}{T}s longitudinal cortical thickness pipeline},
  author={Tustison, Nicholas J and Holbrook, Andrew J and Avants, Brian B and Roberts, Jared M and Cook, Philip A and Reagh, Zachariah M and Duda, Jeffrey T and Stone, James R and Gillen, Daniel L and Yassa, Michael A},
  journal={bioRxiv},
  pages={170209},
  year={2018},
  publisher={Cold Spring Harbor Laboratory}
}

@article{tysnes2017epidemiology,
  title={Epidemiology of {P}arkinson’s disease},
  author={Tysnes, Ole-Bj{\o}rn and Storstein, Anette},
  journal={Journal of Neural Transmission},
  volume={124},
  number={8},
  pages={901--905},
  year={2017},
  publisher={Springer}
}

@article{wang2013multi,
  title={Multi-atlas segmentation with joint label fusion},
  author={Wang, Hongzhi and Suh, Jung W and Das, Sandhitsu R and Pluta, John B and Craige, Caryne and Yushkevich, Paul A},
  journal={IEEE Transactions on Pattern Analysis and Machine Intelligence},
  volume={35},
  number={3},
  pages={611--623},
  year={2013},
  publisher={IEEE}
}

@article{wang2014similarity,
  title={Similarity network fusion for aggregating data types on a genomic scale},
  author={Wang, Bo and Mezlini, Aziz M and Demir, Feyyaz and Fiume, Marc and Tu, Zhuowen and Brudno, Michael and Haibe-Kains, Benjamin and Goldenberg, Anna},
  journal={Nature Methods},
  volume={11},
  number={3},
  pages={333},
  year={2014},
  publisher={Nature Publishing Group}
}

@article{warren2013trendsneurosci,
  title={Molecular nexopathies: a new paradigm of neurodegenerative disease},
  author={Warren, Jason D and Rohrer, Jonathan D and Schott, Jonathan M and Fox, Nick C and Hardy, John and Rossor, Martin N},
  journal={Trends Neurosci},
  volume={36},
  number={10},
  pages={561--569},
  year={2013},
  publisher={Elsevier}
}

@article{xia2018linked,
  title={Linked dimensions of psychopathology and connectivity in functional brain networks},
  author={Xia, Cedric Huchuan and Ma, Zongming and Ciric, Rastko and Gu, Shi and Betzel, Richard F. and Kaczkurkin, Antonia N. and Calkins, Monica E. and Cook, Philip A. and García de la Garza, Angel and Vandekar, Simon N. and Cui, Zaixu and Moore, Tyler M. and Roalf, David R. and Ruparel, Kosha and Wolf, Daniel H. and Davatzikos, Christos and Gur, Ruben C. and Gur, Raquel E. and Shinohara, Russell T. and Bassett, Danielle S. and Satterthwaite, Theodore D.},
  journal={Nature Communications},
  volume={9},
  number={1},
  year={2018},
  doi={10.1038/s41467-018-05317-y},
}

@article{yau2017network,
  title={Network connectivity determines cortical thinning in early {P}arkinson’s disease progression},
  author={Yau, Yvonne HC and Zeighami, Yashar and Baker, Travis and Larcher, Kevin and Vainik, Uku and Dadar, Mahsa and Fonov, Vladimir and Hagmann, Patric and Griffa, Alessandra and Mi{\v{s}}i{\'c}, Bratislav and Collins, Louis D and Dagher, Alain},
  journal={Nature Communications},
  volume={9},
  pages={12},
  year={2018}
}

@article{yu2003multiclass,
  title={Multiclass spectral clustering},
  author={Yu, Stella X and Shi, Jianbo},
  journal={Proceedings of the Ninth IEEE International Conference on Computer Vision},
  year={2003}
}

@article{zeighami2015network,
  title={Network structure of brain atrophy in de novo {P}arkinson's disease},
  author={Zeighami, Yashar and Ulla, Miguel and Iturria-Medina, Yasser and Dadar, Mahsa and Zhang, Yu and Larcher, Kevin Michel-Herve and Fonov, Vladimir and Evans, Alan C and Collins, D Louis and Dagher, Alain},
  journal={Elife},
  volume={4},
  pages={e08440},
  year={2015},
  publisher={eLife Sciences Publications Limited}
}

@article{zeighami2017clinical,
  title={A clinical-anatomical signature of {P}arkinson's disease identified with partial least squares and magnetic resonance imaging},
  author={Zeighami, Yashar and Fereshtehnejad, Seyed-Mohammad and Dadar, Mahsa and Collins, D Louis and Postuma, Ronald B and Mi{\v{s}}i{\'c}, Bratislav and Dagher, Alain},
  journal={NeuroImage},
  year={2017},
  publisher={Elsevier}
}

@article{zeighami2019mri,
  title={Assessment of a prognostic {M}{R}{I} biomarker in early de novo {P}arkinson's disease},
  author={Zeighami, Yashar and Fereshtehnejad, Seyed-Mohammad and Dadar, Mahsa and Collins, D Louis and Postuma, Ronald B and Dagher, Alain},
  journal={NeuroImage: Clinical},
  volume={24},
  pages={101986},
  year={2019},
  publisher={Elsevier}
}

@article{zheng2019plosbiol,
  title={Local vulnerability and global connectivity jointly shape neurodegenerative disease propagation},
  author={Zheng, Ying-Qiu and Zhang, Yu and Yau, Yvonne and Zeighami, Yashar and Larcher, Kevin and Misic, Bratislav and Dagher, Alain},
  journal={PLoS Biol},
  volume={17},
  number={11},
  year={2019},
  publisher={Public Library of Science}
}

@article{zitnik2019informationfusion,
  title={Machine learning for integrating data in biology and medicine: Principles, practice, and opportunities},
  author={Zitnik, Marinka and Nguyen, Francis and Wang, Bo and Leskovec, Jure and Goldenberg, Anna and Hoffman, Michael M},
  journal={Information Fusion},
  volume={50},
  pages={71--91},
  year={2019},
  publisher={Elsevier}
}
